%% This BibTeX bibliography file was created using BibDesk.
%% http://bibdesk.sourceforge.net/

%% Created for Calvin Celebuski at 2015-12-15 15:50:11 -0500 


%% Saved with string encoding Unicode (UTF-8) 



@book{Textbook,
	Author = {Randall D. Knight and Brian Jones and Stuart Field},
	Date-Added = {2015-12-15 19:38:11 +0000},
	Date-Modified = {2015-12-15 20:16:45 +0000},
	Publisher = {Pearson Education, Inc.},
	Title = {College Physics: A Strategic Approach},
	Year = {2007}}

@electronic{Processing,
	Author = {Daniel Schiffman},
	Date-Added = {2015-12-15 19:35:59 +0000},
	Date-Modified = {2015-12-15 19:37:47 +0000},
	Title = {Processing 3},
	Urldate = {Oct 10, 2015}}
